@techreport{ProductCMMIfor2010,
title="CMMI for Development, Version 1.3",
author="CMMI Product Team",
year={2010},
number={CMU/SEI-2010-TR-033},
institution={Software Engineering Institute, Carnegie Mellon University},
address={Pittsburgh, PA},
url={http://resources.sei.cmu.edu/library/asset-view.cfm?AssetID=9661} }

@ARTICLE{viller2000ethnographically,
  title= "Ethnographically informed analysis for software engineers",
  author="Viller, Stephen and Sommerville, Ian",
  journal={International Journal of Human-Computer Studies},
  volume={53},
  number={1},
  pages={169--196},
  year={2000},
  publisher={Elsevier}
}

% Oliveira Filho, Antonio. "Change impact analysis from business rules." Proceedings of the 32nd ACM/IEEE International Conference on Software Engineering-Volume 2. ACM, 2010.
@INPROCEEDINGS{oliveira2010change,
  TITLE = "Change impact analysis from business rules",
  AUTHOR= "Oliveira Filho, Antonio",
  bookTITLE = "Proceedings of the 32nd ACM/IEEE International Conference on Software Engineering-Volume 2",
  PAGES = {353--354},
  YEAR = {2010},
  organization={ACM}
}

@INPROCEEDINGS{passos2012challenges,
  TITLE = "Challenges of applying ethnography to study software practices",
  AUTHOR= "Passos, Carol and Cruzes, Daniela S and Dybaa, Tore and Mendoncca, Manoel",
  bookTITLE = "Proceedings of the ACM-IEEE international symposium on Empirical software engineering and measurement",
  PAGES = {9--18},
  YEAR = {2012},
  organization={ACM}
}

@INPROCEEDINGS{sharp2010using,
  TITLE = "Using ethnographic methods in software engineering research",
  AUTHOR= "Sharp, Helen and deSouza, Cleidson and Dittrich, Yvonne",
  bookTITLE = "Proceedings of the 32nd ACM/IEEE International Conference on Software Engineering-Volume 2",
  PAGES = {491--492},
  YEAR = {2010},
  organization={ACM}
}

@ARTICLE{liu2012firewall,
  TITLE = "Firewall policy change-impact analysis",
  AUTHOR= "Liu, Alex X",
  JOURNAL = "ACM Transactions on Internet Technology (TOIT)",
  volume={11},
  number={4},
  PAGES = {15},
  YEAR = {2012},
  publisher={ACM}
}

@INPROCEEDINGS{garg2014design,
  TITLE = "Design and evaluation of an Impact Analysis Methodology for the adoption of Cloud-based Services (IAMCIS)",
  AUTHOR= "Garg, Radhika and Stiller, Burkhard",
  bookTITLE = "Network and Service Management (CNSM), 2014 10th International Conference on",
  PAGES = {260--263},
  YEAR = {2014},
  organization={IEEE}
}

@book{davis1990software,
  TITLE = "Software requirements: analysis and specification",
  AUTHOR= "Davis, Alan M",
  YEAR = {1990},
  publisher={Prentice Hall Press}
}

@INPROCEEDINGS{mehboob2009approach,
  TITLE = "An approach for comparison of architecture level change impact analysis methods and their relevance in web systems evolution",
  AUTHOR= "Mehboob, Zafar and Zowghi, Didar and Lowe, David",
  bookTITLE = "Software Engineering Conference, 2009. ASWEC'09. Australian",
  PAGES = {162--172},
  YEAR = {2009},
  organization={IEEE}
}

@INPROCEEDINGS{qu2011impact,
  TITLE = "Impact analysis of configuration changes for test case selection",
  AUTHOR= "Qu, Xiao and Acharya, Mithun and Robinson, Brian",
  bookTITLE = "Software Reliability Engineering (ISSRE), 2011 IEEE 22nd International Symposium on",
  PAGES = {140--149},
  YEAR = {2011},
  organization={IEEE}
}

@INPROCEEDINGS{jainae2014tool,
  TITLE = "A Tool for Test Case Impact Analysis of Database Schema Changes Using Use Cases",
  AUTHOR= "Jainae, Jiratchaya and Suwannasart, Taratip",
  bookTITLE = "Information Science and Applications (ICISA), 2014 International Conference on",
  PAGES = {1--4},
  YEAR = {2014},
  organization={IEEE}
}

@INPROCEEDINGS{nurmuliani2006requirements,
  TITLE = "Requirements volatility and its impact on change effort: Evidence-based research in software development projects",
  AUTHOR= "Nurmuliani, Nur and Zowghi, Didar and Williams, Susan P",
  bookTITLE = "Proceedings of the Eleventh Australian Workshop on Requirements Engineering",
  YEAR = {2006}
}

@ARTICLE{mehboob2013approach,
  TITLE = "An Approach for Change Impact Analysis in Web systems-A Industrial Case study.",
  AUTHOR= "Mehboob, Zafar and Khan, Aamir",
  JOURNAL = "International Journal of Software Engineering and Its Applications (IJSEIA)",
  volume={7},
  number={6},
  YEAR = {2013}
}

@INPROCEEDINGS{teka2012change,
  TITLE = "Change impact analysis of indirect goal relations: comparison of NFR and TROPOS approaches based on industrial case study",
  AUTHOR= "Teka, Abelneh and Condori-Fern{\'a}ndez, Nelly and Kurtev, Ivan and Quartel, Dick and Engelsman, Wilco",
  bookTITLE = "Model-Driven Requirements Engineering Workshop (MoDRE), 2012 IEEE",
  PAGES = {58--67},
  YEAR = {2012},
  organization={IEEE}
}


@ARTICLE{westfall2014and,
  TITLE = "What, Why, Who, When, and How of Software Requirements",
  AUTHOR= "Westfall, Linda",
  JOURNAL = "Handbook of Research on Emerging Advancements and Technologies in Software Engineering",
  PAGES = {1},
  YEAR = {2014},
  publisher={IGI Global}
}

@ARTICLE{ramesh1998factors,
  TITLE = "Factors influencing requirements traceability practice",
  AUTHOR= "Ramesh, Balasubramaniam",
  JOURNAL = "Communications of the ACM",
  volume={41},
  number={12},
  PAGES = {37--44},
  YEAR = {1998},
  publisher={ACM}
}

@ARTICLE{ali2013assessing,
  TITLE = "Assessing Issues of Change Impact Analysis Process for a Software Projects",
  AUTHOR= "Ali, Hassan Osman and Rozan, Mohd Zaidi Abd and Abubakar, Adamu and Zeki, Akram M and Sharif, Abdullahi Mohamud and Uddin, Mueen and Memon, Jamshed",
  JOURNAL = "World Applied Sciences Journal",
  volume={28},
  number={10},
  PAGES = {1366--1374},
  YEAR = {2013}
}

@phdthesis{kilpinen2008emergence,
  TITLE = "The Emergence of Change at the Systems Engineering and Software Design Interface",
  AUTHOR= "Kilpinen, Malia Sofia and others",
  YEAR = {2008},
  school={University of Cambridge}
}

%[3] Bohner, S. A., and Arnold, R. S. An introduction to software change impact analysis. In Software Change Impact Analysis, S. A. Bohner and R. S. Arnold, Eds. IEEE Computer Society Press, 1996, pp. 1--26
@INPROCEEDINGS{bohner1996software,
  TITLE = "Software change impact analysis",
	bookTITLE = "Software Change Impact Analysis",
  AUTHOR= "Bohner, Shawn A and Arnold, Robert S",
  YEAR = {1996},
  PAGES = {1--26},
  publisher={IEEE Computer Society Press}
}

@incollection{li2008requirement,
  TITLE = "Requirement-centric traceability for change impact analysis: a case study",
  AUTHOR= "Li, Yin and Li, Juan and Yang, Ye and Li, Mingshu",
  bookTITLE = "Making Globally Distributed Software Development a Success Story",
  PAGES = {100--111},
  YEAR = {2008},
  publisher={Springer}
}


%[5]	Müller, Klaus, and Bernhard Rumpe. "A Model-Based Approach to Impact Analysis Using Model Differencing." arXiv preprint arXiv:1406.6834 (2014).
@ARTICLE{muller2014model,
  TITLE = "A Model-Based Approach to Impact Analysis Using Model Differencing",
  AUTHOR= "Muller, Klaus and Rumpe, Bernhard",
  JOURNAL = "arXiv preprint arXiv:1406.6834",
  YEAR = {2014}
}

%[6]	Maule, Andy, Wolfgang Emmerich, and David S. Rosenblum. "Impact analysis of database schema changes." Proceedings of the 30th international conference on Software engineering. ACM, 2008.
@INPROCEEDINGS{maule2008impact,
  TITLE = "Impact analysis of database schema changes",
  AUTHOR= "Maule, Andy and Emmerich, Wolfgang and Rosenblum, David S",
  bookTITLE = "Proceedings of the 30th international conference on Software engineering",
  PAGES = {451--460},
  YEAR = {2008},
  organization={ACM}
}


%[7]	Li, Bixin, et al. "A survey of code?based change impact analysis techniques." Software Testing, Verification and Reliability 23.8 (2013): 613-646. 
@ARTICLE{li2013survey,
  TITLE = "A survey of code-based change impact analysis techniques",
  AUTHOR= "Li, Bixin and Sun, Xiaobing and Leung, Hareton and Zhang, Sai",
  JOURNAL = "Software Testing, Verification and Reliability",
  volume={23},
  number={8},
  PAGES = {613--646},
  YEAR = {2013},
  publisher={Wiley Online Library}
}

%[8]	Tang, Antony, et al. "Using Bayesian belief networks for change impact analysis in architecture design." Journal of Systems and Software 80.1 (2007): 127-148.
@ARTICLE{tang2007using,
  TITLE = "Using Bayesian belief networks for change impact analysis in architecture design",
  AUTHOR= "Tang, Antony and Nicholson, Ann and Jin, Yan and Han, Jun",
  JOURNAL = "Journal of Systems and Software",
  volume={80},
  number={1},
  PAGES = {127--148},
  YEAR = {2007},
  publisher={Elsevier}
}

%[9]	Gupta, Chetna, Yogesh Singh, and D. Chauhan. "Dependency based Process Model for Impact Analysis: A Requirement Engineering Perspective." International Journal of Computer Applications 6.6 (2010): 28-30.
@ARTICLE{gupta2010dependency,
  TITLE = "Dependency based Process Model for Impact Analysis: A Requirement Engineering Perspective",
  AUTHOR= "Gupta, Chetna and Singh, Yogesh and Chauhan, D",
  JOURNAL = "International Journal of Computer Applications",
  volume={6},
  number={6},
  PAGES = {28--30},
  YEAR = {2010},
  publisher={Citeseer}
}

%[10]	De-Lucia A, Fasano F, Oliveto R. "Traceability management for impact analysis." Proceedings of the International Conference on Software Maintainence, Beijing, China, 2008; 21–30.
@INPROCEEDINGS{de2008traceability,
  TITLE = "Traceability management for impact analysis",
  AUTHOR= "De Lucia, Andrea and Fasano, Fausto and Oliveto, Rocco",
  bookTITLE = "Frontiers of Software Maintenance, 2008. FoSM 2008.",
  PAGES = {21--30},
  YEAR = {2008},
  organization={IEEE}
}

%[11] Kilpinen, M. S., C. M. Eckert, and P. John Clarkson. "Assessing impact analysis practice to improve change management capability." DS 58-1: Proceedings of ICED 09, the 17th International Conference on Engineering Design, Vol. 1, Design Processes, Palo Alto, CA, USA, 24.-27.08. 2009. 2009.
@INPROCEEDINGS{kilpinen2009assessing,
  TITLE = "Assessing impact analysis practice to improve change management capability",
  AUTHOR= "Kilpinen, MS and Eckert, CM and Clarkson, P John and others",
  bookTITLE = "DS 58-1: Proceedings of ICED 09, the 17th International Conference on Engineering Design, Vol. 1, Design Processes, Palo Alto, CA, USA, 24.-27.08. 2009",
  YEAR = {2009}
}

%[12]	Evans, Robert B., and Alberto Savoia. "Differential testing: a new approach to change detection." The 6th Joint Meeting on European software engineering conference and the ACM SIGSOFT Symposium on the Foundations of Software Engineering: Companion Papers. ACM, 2007.
@INPROCEEDINGS{evans2007differential,
  TITLE = "Differential testing: a new approach to change detection",
  AUTHOR= "Evans, Robert B and Savoia, Alberto",
  bookTITLE = "The 6th Joint Meeting on European software engineering conference and the ACM SIGSOFT Symposium on the Foundations of Software Engineering: Companion Papers",
  PAGES = {549--552},
  YEAR = {2007},
  organization={ACM}
}


%[13]	Wetzlmaier, Thomas, and Rudolf Ramler. "Improving Manual Change Impact Analysis with Tool Support: A Study in an Industrial Project." Software Quality. Software and Systems Quality in Distributed and Mobile Environments. Springer International Publishing, 2015. 47-66.
@incollection{wetzlmaier2015improving,
  TITLE = "Improving Manual Change Impact Analysis with Tool Support: A Study in an Industrial Project",
  AUTHOR= "Wetzlmaier, Thomas and Ramler, Rudolf",
  bookTITLE = "Software Quality. Software and Systems Quality in Distributed and Mobile Environments",
  PAGES = {47--66},
  YEAR = {2015},
  publisher={Springer}
}

%[14]	Von Knethen, Antje, and Mathias Grund. "QuaTrace: a tool environment for (semi-) automatic impact analysis based on traces." Software Maintenance, 2003. ICSM 2003. Proceedings. International Conference on. IEEE, 2003.
@INPROCEEDINGS{von2003quatrace,
  TITLE = "QuaTrace: a tool environment for (semi-) automatic impact analysis based on traces",
  AUTHOR= "Von Knethen, Antje and Grund, Mathias",
  bookTITLE = "Software Maintenance, 2003. ICSM 2003. Proceedings. International Conference on",
  PAGES = {246--255},
  YEAR = {2003},
  organization={IEEE}
}

%[15]	Barros, S., et al. "Supporting impact analysis: a semi-automated technique and associated tool." Software Maintenance, 1995. Proceedings., International Conference on. IEEE, 1995.
@INPROCEEDINGS{barros1995supporting,
  TITLE = "Supporting impact analysis: a semi-automated technique and associated tool",
  AUTHOR= "Barros, S and Bodhuin, Th and Escudie, A and Queille, Jean-Pierre and Voidrot, Jean-Francois",
  bookTITLE = "Software Maintenance, 1995. Proceedings., International Conference on",
  PAGES = {42--51},
  YEAR = {1995},
  organization={IEEE}
}

%[16]	Briand, Lionel C., Yvan Labiche, and George Soccar. "Automating impact analysis and regression test selection based on UML designs." Software Maintenance, 2002. Proceedings. International Conference on. IEEE, 2002.
@INPROCEEDINGS{briand2002automating,
  TITLE = "Automating impact analysis and regression test selection based on UML designs",
  AUTHOR= "Briand, Lionel C and Labiche, Yvan and Soccar, George",
  bookTITLE = "Software Maintenance, 2002. Proceedings. International Conference on",
  PAGES = {252--261},
  YEAR = {2002},
  organization={IEEE}
}

%[17]	Acharya, Mithun, and Brian Robinson. "Practical change impact analysis based on static program slicing for industrial software systems." Proceedings of the 33rd international conference on software engineering. ACM, 2011.
@INPROCEEDINGS{acharya2011practical,
  TITLE = "Practical change impact analysis based on static program slicing for industrial software systems",
  AUTHOR= "Acharya, Mithun and Robinson, Brian",
  bookTITLE = "Proceedings of the 33rd international conference on software engineering",
  PAGES = {746--755},
  YEAR = {2011},
  organization={ACM}
}

% Sherriff, Mark, and Laurie Williams. "Empirical software change impact analysis using singular value decomposition." Software Testing, Verification, and Validation, 2008 1st International Conference on. IEEE, 2008.
@INPROCEEDINGS{sherriff2008empirical,
  TITLE = "Empirical software change impact analysis using singular value decomposition",
  AUTHOR= "Sherriff, Mark and Williams, Laurie",
  bookTITLE = "Software Testing, Verification, and Validation, 2008 1st International Conference on",
  PAGES = {268--277},
  YEAR = {2008},
  organization={IEEE}
}

%[18]	Zhang, Dehua, Ekwa Duala-Ekoko, and Laurie Hendren. "Impact analysis and visualization toolkit for static crosscutting in aspectj." Program Comprehension, 2009. ICPC'09. IEEE 17th International Conference on. IEEE, 2009.
@INPROCEEDINGS{zhang2009impact,
  TITLE = "Impact analysis and visualization toolkit for static crosscutting in aspectj",
  AUTHOR= "Zhang, Dehua and Duala-Ekoko, Ekwa and Hendren, Laurie",
  bookTITLE = "Program Comprehension, 2009. ICPC'09. IEEE 17th International Conference on",
  PAGES = {60--69},
  YEAR = {2009},
  organization={IEEE}
}

%[19]	Badri, Linda, Mourad Badri, and Daniel St-Yves. "Supporting predictive change impact analysis: A control call graph based technique." Software Engineering Conference, 2005. APSEC'05. 12th Asia-Pacific. IEEE, 2005.
@INPROCEEDINGS{badri2005supporting,
  TITLE = "Supporting predictive change impact analysis: A control call graph based technique",
  AUTHOR= "Badri, Linda and Badri, Mourad and St-Yves, Daniel",
  bookTITLE = "Software Engineering Conference, 2005. APSEC'05. 12th Asia-Pacific",
  PAGES = {9--pp},
  YEAR = {2005},
  organization={IEEE}
}

%[20]	Rungta, Neha, Suzette Person, and Joshua Branchaud. "A change impact analysis to characterize evolving program behaviors." Software 
Maintenance (ICSM), 2012 28th IEEE International Conference on. IEEE, 2012.
@INPROCEEDINGS{rungta2012change,
  TITLE = "A change impact analysis to characterize evolving program behaviors",
  AUTHOR= "Rungta, Neha and Person, Suzette and Branchaud, Joshua",
  bookTITLE = "Software Maintenance (ICSM), 2012 28th IEEE International Conference on",
  PAGES = {109--118},
  YEAR = {2012},
  organization={IEEE}
}

%[21]	Eaddy, Marc, et al. "Cerberus: Tracing requirements to source code using information retrieval, dynamic analysis, and program analysis." Program Comprehension, 2008. ICPC 2008. The 16th IEEE International Conference on. IEEE, 2008.
@INPROCEEDINGS{eaddy2008cerberus,
  TITLE = "Cerberus: Tracing requirements to source code using information retrieval, dynamic analysis, and program analysis",
  AUTHOR= "Eaddy, Marc and Aho, Alfred V and Antoniol, Giuliano and Guneuc, Y-G",
  bookTITLE = "Program Comprehension, 2008. ICPC 2008. The 16th IEEE International Conference on",
  PAGES = {53--62},
  YEAR = {2008},
  organization={IEEE}
}

%[22]	Galvao, Ismenia, and Arda Goknil. "Survey of traceability approaches in model-driven engineering." Enterprise Distributed Object Computing Conference, 2007. EDOC 2007. 11th IEEE International. IEEE, 2007.
@INPROCEEDINGS{galvao2007survey,
  TITLE = "Survey of traceability approaches in model-driven engineering",
  AUTHOR= "Galvao, Ismenia and Goknil, Arda",
  bookTITLE = "Enterprise Distributed Object Computing Conference, 2007. EDOC 2007. 11th IEEE International",
  PAGES = {313--313},
  YEAR = {2007},
  organization={IEEE}
}

%[23]	Goknil, Arda, et al. "Change impact analysis for requirements: A metamodeling approach." Information and Software Technology 56.8 (2014): 950-972.
@ARTICLE{goknil2014change,
  TITLE = "Change impact analysis for requirements: A metamodeling approach",
  AUTHOR= "Goknil, Arda and Kurtev, Ivan and van den Berg, Klaas and Spijkerman, Wietze",
  JOURNAL = "Information and Software Technology",
  volume={56},
  number={8},
  PAGES = {950--972},
  YEAR = {2014},
  publisher={Elsevier}
}

%[24]	Ibrahim, Suhaimi, et al. "A requirements traceability to support change impact analysis." Asian Journal of Information Tech 4.4 (2005): 345-355.
@ARTICLE{ibrahim2005requirements,
  TITLE = "A requirements traceability to support change impact analysis",
  AUTHOR= "Ibrahim, Suhaimi and Idris, Norbik Bashah and Munro, Malcolm and Deraman, Aziz",
  JOURNAL = "Asian Journal of Information Tech",
  volume={4},
  number={4},
  PAGES = {345--355},
  YEAR = {2005}
}

%24 Medini, Soumaya, et al. "Scan: an approach to label and relate execution trace segments." Journal of Software: Evolution and Process 26.11 (2014): 962-995.
@ARTICLE{medini2014scan,
  TITLE = "Scan: an approach to label and relate execution trace segments",
  AUTHOR= "Medini, Soumaya and Arnaoudova, Venera and Di Penta, Massimiliano and Antoniol, Giuliano and Gu'eheneuc, Yann-Gael and Tonella, Paolo",
  JOURNAL = "Journal of Software: Evolution and Process",
  volume={26},
  number={11},
  PAGES = {962--995},
  YEAR = {2014},
  publisher={Wiley Online Library}
}

%[25] table matrix (or the spreadsheet type)

%[26]	Omar, Siti Faizah. "A software traceability approach to support requirement based test coverage analysis." Diss. Universiti Teknologi Malaysia, Faculty of Computing, 2013.
@phdthesis{omar2013software,
  TITLE = "A software traceability approach to support requirement based test coverage analysis",
  AUTHOR= "Omar, Siti Faizah",
  YEAR = {2013},
  school={Universiti Teknologi Malaysia, Faculty of Computing}
}

%[27]	Raschke, Wolfgang, et al. "Supporting evolving security models for an agile security evaluation." Evolving Security and Privacy Requirements Engineering (ESPRE), 2014 IEEE 1st Workshop on. IEEE, 2014.
@INPROCEEDINGS{raschke2014supporting,
  TITLE = "Supporting evolving security models for an agile security evaluation",
  AUTHOR= "Raschke, Wolfgang and Zilli, Massimiliano and Baumgartner, Philip and Loinig, Johannes and Steger, Christian and Kreiner, Christian",
  bookTITLE = "Evolving Security and Privacy Requirements Engineering (ESPRE), 2014 IEEE 1st Workshop on",
  PAGES = {31--36},
  YEAR = {2014},
  organization={IEEE}
}

%[28]	Endres, A. and D. Rombach. "A Handbook of Software and Systems Engineering: Empirical Observations, Laws and Theories" New York, New York, USA, Addison-Wesley, 2003.
@book{endres2003handbook,
  TITLE = "A handbook of software and systems engineering: empirical observations, laws and theories",
  AUTHOR= "Endres, Albert and Rombach, H Dieter",
  YEAR = {2003},
  publisher={Pearson Education}
}

%[29]	Lindvall, Mikael, and Kristian Sandahl. "Practical implications of traceability." Softw., Pract. Exper. 26.10 (1996): 1161-1180. 
@ARTICLE{lindvall1996practical,
  TITLE = "Practical implications of traceability",
  AUTHOR= "Lindvall, Mikael and Sandahl, Kristian",
  JOURNAL = "Softw., Pract. Exper.",
  volume={26},
  number={10},
  PAGES = {1161--1180},
  YEAR = {1996},
  publisher={Citeseer}
}

%[30]	Canfora, Gerardo, and Luigi Cerulo. "Fine grained indexing of software repositories to support impact analysis." Proceedings of the 2006 international workshop on Mining software repositories. ACM, 2006.
@INPROCEEDINGS{canfora2006fine,
  TITLE = "Fine grained indexing of software repositories to support impact analysis",
  AUTHOR= "Canfora, Gerardo and Cerulo, Luigi",
  bookTITLE = "Proceedings of the 2006 international workshop on Mining software repositories",
  PAGES = {105--111},
  YEAR = {2006},
  organization={ACM}
}

%[31]	Autexier, Serge, and Normen Müller. "Semantics-based change impact analysis for heterogeneous collections of documents." Proceedings of the 10th ACM symposium on Document engineering. ACM, 2010. 
@INPROCEEDINGS{autexier2010semantics,
  TITLE = "Semantics-based change impact analysis for heterogeneous collections of documents",
  AUTHOR= "Autexier, Serge and Muller, Normen",
  bookTITLE = "Proceedings of the 10th ACM symposium on Document engineering",
  PAGES = {97--106},
  YEAR = {2010},
  organization={ACM}
}
%[32]	Breech, Ben, et al. "Online impact analysis via dynamic compilation technology." Software Maintenance, 2004. Proceedings. 20th IEEE International Conference on. IEEE, 2004.
@INPROCEEDINGS{breech2004online,
  TITLE = "Online impact analysis via dynamic compilation technology",
  AUTHOR= "Breech, Ben and Danalis, Anthony and Shindo, Stacey and Pollock, Lori",
  bookTITLE = "Software Maintenance, 2004. Proceedings. 20th IEEE International Conference on",
  PAGES = {453--457},
  YEAR = {2004},
  organization={IEEE}
}

%[33]	Ceccarelli, Michele, et al. "An eclectic approach for change impact analysis." Proceedings of the 32nd ACM/IEEE International Conference on Software Engineering-Volume 2. ACM, 2010.
@INPROCEEDINGS{ceccarelli2010eclectic,
  TITLE = "An eclectic approach for change impact analysis",
  AUTHOR= "Ceccarelli, Michele and Cerulo, Luigi and Canfora, Gerardo and Di Penta, Massimiliano",
  bookTITLE = "Proceedings of the 32nd ACM/IEEE International Conference on Software Engineering-Volume 2",
  PAGES = {163--166},
  YEAR = {2010},
  organization={ACM}
}

%[34]	Egyed, Alexander, Florian Graf, and Paul Grünbacher. "Effort and Quality of Recovering Requirements-to-Code Traces: Two Exploratory Experiments." RE 10 (2010): 221-230.
@ARTICLE{egyed2010effort,
  TITLE = "Effort and Quality of Recovering Requirements-to-Code Traces: Two Exploratory Experiments.",
  AUTHOR= "Egyed, Alexander and Graf, Florian and Grunbacher, Paul",
  JOURNAL = "RE",
  volume={10},
  PAGES = {221--230},
  YEAR = {2010}
}

%[35]	Ghabi, Achraf, and Alexander Egyed. "Code patterns for automatically validating requirements-to-code traces." Automated Software Engineering (ASE), 2012 Proceedings of the 27th IEEE/ACM International Conference on. IEEE, 2012.
@INPROCEEDINGS{ghabi2012code,
  TITLE = "Code patterns for automatically validating requirements-to-code traces",
  AUTHOR= "Ghabi, Achraf and Egyed, Alexander",
  bookTITLE = "Automated Software Engineering (ASE), 2012 Proceedings of the 27th IEEE/ACM International Conference on",
  PAGES = {200--209},
  YEAR = {2012},
  organization={IEEE}
}

%[36]	Lehnert, Steffen. "A taxonomy for software change impact analysis." Proceedings of the 12th International Workshop on Principles of Software Evolution and the 7th annual ERCIM Workshop on Software Evolution. ACM, 2011.
@INPROCEEDINGS{lehnert2011taxonomy,
  TITLE = "A taxonomy for software change impact analysis",
  AUTHOR= "Lehnert, Steffen",
  bookTITLE = "Proceedings of the 12th International Workshop on Principles of Software Evolution and the 7th annual ERCIM Workshop on Software Evolution",
  PAGES = {41--50},
  YEAR = {2011},
  organization={ACM}
}

%[37]	Zhou, Xin, et al. "Collaborative change impact analysis for enterprise application evolution." Service Operations and Logistics, and Informatics (SOLI), 2014 IEEE International Conference on. IEEE, 2014.
@INPROCEEDINGS{zhou2014collaborative,
  TITLE = "Collaborative change impact analysis for enterprise application evolution",
  AUTHOR= "Zhou, Xin and Li, Feng and Dang, Yabin and Chen, Hao and Li, ShaoChun and Liang, GuangTai",
  bookTITLE = "Service Operations and Logistics, and Informatics (SOLI), 2014 IEEE International Conference on",
  PAGES = {6--11},
  YEAR = {2014},
  organization={IEEE}
}

%[38]	Passos, Carol, et al. "Challenges of applying ethnography to study software practices." Proceedings of the ACM-IEEE international symposium on Empirical software engineering and measurement. ACM, 2012.
@INPROCEEDINGS{passos2012challenges,
  TITLE = "Challenges of applying ethnography to study software practices",
  AUTHOR= "Passos, Carol and Cruzes, Daniela S and Dybaa, Tore and Mendoncca, Manoel",
  bookTITLE = "Proceedings of the ACM-IEEE international symposium on Empirical software engineering and measurement",
  PAGES = {9--18},
  YEAR = {2012},
  organization={ACM}
}

%[39]	Sharp, Helen, Cleidson deSouza, and Yvonne Dittrich. "Using ethnographic methods in software engineering research." Proceedings of the 32nd ACM/IEEE International Conference on Software Engineering-Volume 2. ACM, 2010.
@INPROCEEDINGS{sharp2010using,
  TITLE = "Using ethnographic methods in software engineering research",
  AUTHOR= "Sharp, Helen and deSouza, Cleidson and Dittrich, Yvonne",
  bookTITLE = "Proceedings of the 32nd ACM/IEEE International Conference on Software Engineering-Volume 2",
  PAGES = {491--492},
  YEAR = {2010},
  organization={ACM}
}

%[40]	Runeson, Per, and Martin Höst. "Guidelines for conducting and reporting case study research in software engineering." Empirical software engineering 14.2 (2009): 131-164.
@ARTICLE{runeson2009guidelines,
  TITLE = "Guidelines for conducting and reporting case study research in software engineering",
  AUTHOR= "Runeson, Per and H{\"o}st, Martin",
  JOURNAL = "Empirical software engineering",
  volume={14},
  number={2},
  PAGES = {131--164},
  YEAR = {2009},
  publisher={Springer}
}

%[41]	Kasunic, Mark. "Designing an effective survey." No. CMU/SEI-2005-HB-004. CARNEGIE-MELLON UNIV PITTSBURGH PA SOFTWARE ENGINEERING INST, 2005.
@techreport{kasunic2005designing,
  TITLE = "Designing an effective survey",
  AUTHOR= "Kasunic, Mark",
  YEAR = {2005},
  institution={DTIC Document}
}

%[42]	Lori A. Clarke. "A system to generate test data and symbolically execute programs." IEEE Transactions on Software Engineering, 2 (3) (September 1976), pp. 215–222
@ARTICLE{clarke1976system,
  TITLE = "A system to generate test data and symbolically execute programs",
  AUTHOR= "Clarke, Lori A.",
  JOURNAL = "Software Engineering, IEEE Transactions on",
  number={3},
  PAGES = {215--222},
  YEAR = {1976},
  publisher={IEEE}
}



@INPROCEEDINGS{Egyed01a,
  author =	"A. Egyed",
  title =	"A Scenario-Driven Approach to Traceability",
  booktitle =	"Proceedings of the ~23rd~ International Conference on
		 Software Engineering",
  PAGES =	{123--132},
  publisher =	"IEEE Computer Society Press",
  MONTH = "may", 
  YEAR  =    {2001}
}

%Avakian, Arra, Sam Haradhvala, and Bruce Knobe. "The design of an integrated support software system." ACM SIGPLAN Notices. Vol. 17. No. 6. ACM, 1982.
@INPROCEEDINGS{avakian1982design,
  TITLE = "The design of an integrated support software system",
  AUTHOR= "Avakian, Arra and Haradhvala, Sam and Knobe, Bruce",
  bookTITLE = "ACM SIGPLAN Notices",
  volume={17},
  number={6},
  PAGES = {308--317},
  YEAR = {1982},
  organization={ACM}
}


% Franceschet, Massimo. "A comparison of bibliometric indicators for computer science scholars and journals on Web of Science and Google Scholar." Scientometrics 83.1 (2010): 243-258.
@ARTICLE{franceschet2010comparison,
  TITLE = "A comparison of bibliometric
	indicators for computer science scholars and journals on Web of Science and Google Scholar",
  AUTHOR= "Franceschet, Massimo",
  JOURNAL = "Scientometrics",
  volume={83},
  number={1},
  PAGES = {243--258},
  YEAR = {2010},
  publisher={Akademiai Kiado, co-published with Springer Science+ Business Media BV, Formerly Kluwer Academic Publishers BV}
}

% Meyer, Bertrand, et al. "Viewpoint research evaluation for computer science." Communications of the ACM 52.4 (2009): 31-34.
@ARTICLE{meyer2009viewpoint,
  TITLE = "Viewpoint research evaluation for computer science",
  AUTHOR= "Meyer, Bertrand and Choppy, Christine and Staunstrup, J{\o}rgen and van Leeuwen, Jan",
  JOURNAL = "Communications of the ACM",
  volume={52},
  number={4},
  PAGES = {31--34},
  YEAR = {2009},
  publisher={ACM}
}

% Pfleeger, Shari Lawrence, and Shawn A. Bohner. "A framework for software maintenance metrics." Software Maintenance, 1990, Proceedings., Conference on. IEEE, 1990.
@INPROCEEDINGS{pfleeger1990framework,
  TITLE = "A framework for software maintenance metrics",
  AUTHOR= "Pfleeger, Shari Lawrence and Bohner, Shawn A",
  bookTITLE = "Software Maintenance, 1990, Proceedings., Conference on",
  PAGES = {320--327},
  YEAR = {1990},
  organization={IEEE}
}

% Kozaczynski, Wojtek, Stanley Letovsky, and Jim Ning. "A knowledge-based approach to software system understanding." Knowledge-Based Software Engineering Conference, 1991. Proceedings., 6th Annual. IEEE, 1991.
@INPROCEEDINGS{kozaczynski1991knowledge,
  TITLE = "A knowledge-based approach to software system understanding",
  AUTHOR= "Kozaczynski, Wojtek and Letovsky, Stanley and Ning, Jim",
  bookTITLE = "Knowledge-Based Software Engineering Conference, 1991. Proceedings., 6th Annual",
  PAGES = {162--170},
  YEAR = {1991},
  organization={IEEE}
}

% Backwith, Nigel. "Unique approach to security evaluation." Computers & Security 2.1 (1983): 35-40.
@ARTICLE{backwith1983unique,
  TITLE = "Unique approach to security evaluation",
  AUTHOR= "Backwith, Nigel",
  JOURNAL = "Computers \& Security",
  volume={2},
  number={1},
  PAGES = {35--40},
  YEAR = {1983},
  publisher={Elsevier}
}

%Romanowsky, H. E., and S. L. Mulholland. "The Catalyst software engineering environment." Digital Avionics Systems Conference, 1991. Proceedings., IEEE/AIAA 10th. IEEE, 1991.
@INPROCEEDINGS{romanowsky1991catalyst,
  TITLE = "The Catalyst software engineering environment",
  AUTHOR= "Romanowsky, HE and Mulholland, SL",
  bookTITLE = "Digital Avionics Systems Conference, 1991. Proceedings., IEEE/AIAA 10th",
  PAGES = {311--316},
  YEAR = {1991},
  organization={IEEE}
}




% Arnold, Robert S., and Shawn A. Bohner. "Impact Analysis-Towards a Framework for Comparison." ICSM. Vol. 93. 1993.
@INPROCEEDINGS{arnold1993impact,
  TITLE = "Impact Analysis-Towards a Framework for Comparison.",
  AUTHOR= "Arnold, Robert S and Bohner, Shawn A",
  bookTITLE = "ICSM",
  volume={93},
  PAGES = {292--301},
  YEAR = {1993}
}

% Buckley, Jim, et al. "Towards a taxonomy of software change." Journal of Software Maintenance and Evolution: Research and Practice 17.5 (2005): 309-332.
@ARTICLE{buckley2005towards,
  TITLE = "Towards a taxonomy of software change",
  AUTHOR= "Buckley, Jim and Mens, Tom and Zenger, Matthias and Rashid, Awais and Kniesel, Gunter",
  JOURNAL = "Journal of Software Maintenance and Evolution: Research and Practice",
  volume={17},
  number={5},
  PAGES = {309--332},
  YEAR = {2005},
  publisher={Wiley Online Library}
}


% Naslavsky, Leila, et al. "Using scenarios to support traceability." Proceedings of the 3rd international workshop on Traceability in emerging forms of software engineering. ACM, 2005.
@INPROCEEDINGS{naslavsky2005using,
  TITLE = "Using scenarios to support traceability",
  AUTHOR= "Naslavsky, Leila and Alspaugh, Thomas A and Richardson, Debra J and Ziv, Hadar",
  bookTITLE = "Proceedings of the 3rd international workshop on Traceability in emerging forms of software engineering",
  PAGES = {25--30},
  YEAR = {2005},
  organization={ACM}
}

% Cuddeback, David, Alex Dekhtyar, and Jane Huffman Hayes. "Automated requirements traceability: The study of human analysts." Requirements Engineering Conference (RE), 2010 18th IEEE International. IEEE, 2010.
@INPROCEEDINGS{cuddeback2010automated,
  TITLE = "Automated requirements traceability: The study of human analysts",
  AUTHOR= "Cuddeback, David and Dekhtyar, Alex and Hayes, Jane Huffman",
  bookTITLE = "Requirements Engineering Conference (RE), 2010 18th IEEE International",
  PAGES = {231--240},
  YEAR = {2010},
  organization={IEEE}
}

% Gotel, Orlena, et al. "The quest for ubiquity: A roadmap for software and systems traceability research." Requirements Engineering Conference (RE), 2012 20th IEEE International. IEEE, 2012.
@INPROCEEDINGS{gotel2012quest,
  TITLE = "The quest for ubiquity: A roadmap for software and systems traceability research",
  AUTHOR= "Gotel, Orlena and Cleland-Huang, Jane and Hayes, Jane Huffman and Zisman, Andrea and Egyed, Alexander and Grunbacher, P and Antoniol, Giuliano",
  bookTITLE = "Requirements Engineering Conference (RE), 2012 20th IEEE International",
  PAGES = {71--80},
  YEAR = {2012},
  organization={IEEE}
}

% Hayes, Jane Huffman, et al. "REquirements TRacing On target (RETRO): improving software maintenance through traceability recovery." Innovations in Systems and Software Engineering 3.3 (2007): 193-202.
@ARTICLE{hayes2007requirements,
  TITLE = "REquirements TRacing On target (RETRO): improving software maintenance through traceability recovery",
  AUTHOR= "Hayes, Jane Huffman and Dekhtyar, Alex and Sundaram, Senthil Karthikeyan and Holbrook, E Ashlee and Vadlamudi, Sravanthi and April, Alain",
  JOURNAL = "Innovations in Systems and Software Engineering",
  volume={3},
  number={3},
  PAGES = {193--202},
  YEAR = {2007},
  publisher={Springer}
}




@INPROCEEDINGS{bashir2006traceability,
  TITLE = "Traceability techniques: A critical study",
  AUTHOR= "Bashir, Muhamamd Farhan and Qadir, Muhammad Abdul",
  bookTITLE = "Multitopic Conference, 2006. INMIC'06. IEEE",
  PAGES = {265--268},
  YEAR = {2006},
  organization={IEEE}
}







% Marcus, Andrian, et al. "An information retrieval approach to concept location in source code." Reverse Engineering, 2004. Proceedings. 11th Working Conference on. IEEE, 2004.
@INPROCEEDINGS{marcus2004information,
  TITLE = "An information retrieval approach to concept location in source code",
  AUTHOR= "Marcus, Andrian and Sergeyev, Andrey and Rajlich, Vaclav and Maletic, Jonathan I",
  bookTITLE = "Reverse Engineering, 2004. Proceedings. 11th Working Conference on",
  PAGES = {214--223},
  YEAR = {2004},
  organization={IEEE}
}



%Javed, Muhammad Atif, and Uwe Zdun. "On the Effects of Traceability Links in Differently Sized Software Systems." (2015).
%Quote: It is concluded that traceability is more important in larger software systems.

@ARTICLE{javed2015effects,
  TITLE = "On the Effects of Traceability Links in Differently Sized Software Systems",
  AUTHOR= "Javed, Muhammad Atif and Zdun, Uwe",
  YEAR = {2015}
}


%EYE TRACKER
%Lohmeier, Sebastian, and Nele Russwinkel. "Explaining Eye Movements in Program Comprehension using jACT-R."
@ARTICLE{lohmeierexplaining,
  TITLE = "Explaining Eye Movements in Program Comprehension using {jACT-R}",
  AUTHOR= "Lohmeier, Sebastian and Russwinkel, Nele"
}



% Borg, Markus, Per Runeson, and Anders Ardoe. "Recovering from a decade: a systematic mapping of information retrieval approaches to software traceability." Empirical Software Engineering 19.6 (2014): 1565-1616.

@ARTICLE{borg2014recovering,
  TITLE = "Recovering from a decade: a systematic mapping of information retrieval approaches to software traceability",
  AUTHOR= "Borg, Markus and Runeson, Per and Ard{\"o}, Anders",
  JOURNAL = "Empirical Software Engineering",
  volume={19},
  number={6},
  PAGES = {1565--1616},
  YEAR = {2014},
  publisher={Springer}
}


% Ali, Nasir, et al. "An empirical study on the importance of source code entities for requirements traceability." Empirical Software Engineering (2014): 1-37.
@ARTICLE{ali2014empirical,
  TITLE = "An empirical study on the importance of source code entities for requirements traceability",
  AUTHOR= "Ali, Nasir and Sharafi, Zohreh and Gu{\'e}h{\'e}neuc, Yann-Ga{\"e}l and Antoniol, Giuliano",
  JOURNAL = "Empirical Software Engineering",
  PAGES = {1--37},
  YEAR = {2014},
  publisher={Springer}
}

% Sharif, Bonita, and Huzefa Kagdi. "On the use of eye tracking in software traceability." Proceedings of the 6th International Workshop on Traceability in Emerging Forms of Software Engineering. ACM, 2011.
@INPROCEEDINGS{sharif2011use,
  TITLE = "On the use of eye tracking in software traceability",
  AUTHOR= "Sharif, Bonita and Kagdi, Huzefa",
  bookTITLE = "Proceedings of the 6th International Workshop on Traceability in Emerging Forms of Software Engineering",
  PAGES = {67--70},
  YEAR = {2011},
  organization={ACM}
}

% Ali, Nasir, et al. "An empirical study on requirements traceability using eye-tracking." Software Maintenance (ICSM), 2012 28th IEEE International Conference on. IEEE, 2012.
@INPROCEEDINGS{ali2012empirical,
  TITLE = "An empirical study on requirements traceability using eye-tracking",
  AUTHOR= "Ali, Nasir and Sharafl, Zohreh and Gueheneuc, Y and Antoniol, Giuliano",
  bookTITLE = "Software Maintenance (ICSM), 2012 28th IEEE International Conference on",
  PAGES = {191--200},
  YEAR = {2012},
  organization={IEEE}
}

%Antoniol, Giuliano, et al. "Tracing object-oriented code into functional requirements." Program Comprehension, 2000. Proceedings. IWPC 2000. 8th International Workshop on. IEEE, 2000.
@INPROCEEDINGS{antoniol2000tracing,
  TITLE = "Tracing object-oriented code into functional requirements",
  AUTHOR= "Antoniol, Giuliano and Canfora, Gerardo and Casazza, G and De Lucia, A and Merlo, Ettore",
  bookTITLE = "Program Comprehension, 2000. Proceedings. IWPC 2000. 8th International Workshop on",
  PAGES = {79--86},
  YEAR = {2000},
  organization={IEEE}
}


% Antoniol, Giuliano, et al. "Recovering traceability links between code and documentation." Software Engineering, IEEE Transactions on 28.10 (2002): 970-983.
@ARTICLE{antoniol2002recovering,
  TITLE = "Recovering traceability links between code and documentation",
  AUTHOR= "Antoniol, Giuliano and Canfora, Gerardo and Casazza, Gerardo and De Lucia, Andrea and Merlo, Ettore",
  JOURNAL = "Software Engineering, IEEE Transactions on",
  volume={28},
  number={10},
  PAGES = {970--983},
  YEAR = {2002},
  publisher={IEEE}
}

% Antoniol, Giuliano, et al. "Information retrieval models for recovering traceability links between code and documentation." Software Maintenance, 2000. Proceedings. International Conference on. IEEE, 2000.

@INPROCEEDINGS{antoniol2000information,
  TITLE = "Information retrieval models for recovering traceability links between code and documentation",
  AUTHOR= "Antoniol, Giuliano and Canfora, Gerardo and Casazza, Gerardo and De Lucia, Andrea",
  bookTITLE = "Software Maintenance, 2000. Proceedings. International Conference on",
  PAGES = {40--49},
  YEAR = {2000},
  organization={IEEE}
}


% Turver, Richard J., and Malcolm Munro. "An early impact analysis technique for software maintenance." Journal of Software Maintenance: Research and Practice 6.1 (1994): 35-52.
@ARTICLE{turver1994early,
  TITLE = "An early impact analysis technique for software maintenance",
  AUTHOR= "Turver, Richard J and Munro, Malcolm",
  JOURNAL = "Journal of Software Maintenance: Research and Practice",
  volume={6},
  number={1},
  PAGES = {35--52},
  YEAR = {1994},
  publisher={Wiley Online Library}
}


% Jönsson, Per, and Mikael Lindvall. "Impact analysis." Engineering and managing software requirements. Springer Berlin Heidelberg, 2005. 117-142.
@incollection{jonsson2005impact,
  TITLE = "Impact analysis",
  AUTHOR= "J{\"o}nsson, Per and Lindvall, Mikael",
  bookTITLE = "Engineering and managing software requirements",
  PAGES = {117--142},
  YEAR = {2005},
  publisher={Springer}
}


%Hofmann, Thomas. "Probabilistic latent semantic indexing." Proceedings of the 22nd annual international ACM SIGIR conference on Research and development in information retrieval. ACM, 1999.
@INPROCEEDINGS{hofmann1999probabilistic,
  TITLE = "Probabilistic latent semantic indexing",
  AUTHOR= "Hofmann, Thomas",
  bookTITLE = "Proceedings of the 22nd annual international ACM SIGIR conference on Research and development in information retrieval",
  PAGES = {50--57},
  YEAR = {1999},
  organization={ACM}
}



@INPROCEEDINGS{kitchenham2004evidence,
  title= "Evidence-based software engineering",
  author="Kitchenham, Barbara A and Dyba, Tore and Jorgensen, Magne",
  booktitle="Proceedings of the 26th international conference on software engineering",
  pages={273--281},
  year={2004},
  organization={IEEE Computer Society}
}

% Kitchenham, Barbara, and Pearl Brereton. "A systematic review of systematic review process research in software engineering." Information and software technology 55.12 (2013): 2049-2075.
@ARTICLE{kitchenham2013systematic,
  TITLE = "A systematic review of systematic review process research in software engineering",
  AUTHOR= "Kitchenham, Barbara and Brereton, Pearl",
  JOURNAL = "Information and software technology",
  volume={55},
  number={12},
  PAGES = {2049--2075},
  YEAR = {2013},
  publisher={Elsevier}
}

% Kitchenham, Barbara, et al. "Systematic literature reviews in software engineering–a systematic literature review." Information and software technology 51.1 (2009): 7-15.
@ARTICLE{kitchenham2009systematic,
  TITLE = "Systematic literature reviews in software engineering--a systematic literature review",
  AUTHOR= "Kitchenham, Barbara and Brereton, O Pearl and Budgen, David and Turner, Mark and Bailey, John and Linkman, Stephen",
  JOURNAL = "Information and software technology",
  volume={51},
  number={1},
  PAGES = {7--15},
  YEAR = {2009},
  publisher={Elsevier}
}
% Rochimah, Siti, Wan MN Wan-Kadir, and Abdul H. Abdullah. "An Evaluation of Traceability Approaches to Support Software Evolution." ICSEA. 2007.
@INPROCEEDINGS{rochimah2007evaluation,
  TITLE = "An Evaluation of Traceability Approaches to Support Software Evolution.",
  AUTHOR= "Rochimah, Siti and Wan-Kadir, Wan MN and Abdullah, Abdul H",
  bookTITLE = "ICSEA",
  PAGES = {19},
  YEAR = {2007}
}


% Spanoudakis, George, and Andrea Zisman. "Software traceability: a roadmap." Handbook of Software Engineering and Knowledge Engineering 3 (2005): 395-428.
@ARTICLE{spanoudakis2005software,
  TITLE = "Software traceability: a roadmap",
  AUTHOR= "Spanoudakis, George and Zisman, Andrea",
  JOURNAL = "Handbook of Software Engineering and Knowledge Engineering",
  volume={3},
  PAGES = {395--428},
  YEAR = {2005},
  publisher={Citeseer}
}

% Salem, Ahmed M. "Improving software quality through requirements traceability models." Computer Systems and Applications, 2006. IEEE International Conference on.. IEEE, 2006.
@INPROCEEDINGS{salem2006improving,
  TITLE = "Improving software quality through requirements traceability models",
  AUTHOR= "Salem, Ahmed M",
  bookTITLE = "Computer Systems and Applications, 2006. IEEE International Conference on.",
  PAGES = {1159--1162},
  YEAR = {2006},
  organization={IEEE}
}


% van den Berg, Klaas, José María Conejero, and Juan Hernández. "Analysis of crosscutting across software development phases based on traceability." Proceedings of the 2006 international workshop on Early aspects at ICSE. ACM, 2006.
@INPROCEEDINGS{van2006analysis,
  TITLE = "Analysis of crosscutting across software development phases based on traceability",
  AUTHOR= "van den Berg, Klaas and Conejero, Jos{\'e} Mar{\'\i}a and Hern{\'a}ndez, Juan",
  bookTITLE = "Proceedings of the 2006 international workshop on Early aspects at ICSE",
  PAGES = {43--50},
  YEAR = {2006},
  organization={ACM}
}


% Medini, Soumaya, et al. "Scan: an approach to label and relate execution trace segments." Journal of Software: Evolution and Process 26.11 (2014): 962-995.

@ARTICLE{medini2014scan,
  TITLE = "Scan: an approach to label and relate execution trace segments",
  AUTHOR= "Medini, Soumaya and Arnaoudova, Venera and Di Penta, Massimiliano and Antoniol, Giuliano and Gu{\'e}h{\'e}neuc, Yann-Ga{\"e}l and Tonella, Paolo",
  JOURNAL = "Journal of Software: Evolution and Process",
  volume={26},
  number={11},
  PAGES = {962--995},
  YEAR = {2014},
  publisher={Wiley Online Library}
}

% Munson, Ethan V., and Tien N. Nguyen. "Concordance, conformance, versions, and traceability." Proceedings of the 3rd international workshop on Traceability in emerging forms of software engineering. ACM, 2005..
@INPROCEEDINGS{munson2005concordance,
  TITLE = "Concordance, conformance, versions, and traceability",
  AUTHOR= "Munson, Ethan V and Nguyen, Tien N",
  bookTITLE = "Proceedings of the 3rd international workshop on Traceability in emerging forms of software engineering",
  PAGES = {62--66},
  YEAR = {2005},
  organization={ACM}
}


% Marcus, Andrian, Xinrong Xie, and Denys Poshyvanyk. "When and how to visualize traceability links?." Proceedings of the 3rd international workshop on Traceability in emerging forms of software engineering. ACM, 2005.
@INPROCEEDINGS{marcus2005and,
  TITLE = "When and how to visualize traceability links?",
  AUTHOR= "Marcus, Andrian and Xie, Xinrong and Poshyvanyk, Denys",
  bookTITLE = "Proceedings of the 3rd international workshop on Traceability in emerging forms of software engineering",
  PAGES = {56--61},
  YEAR = {2005},
  organization={ACM}
}


% Chen, Xiaofan. "Extraction and visualization of traceability relationships between documents and source code." Proceedings of the IEEE/ACM international conference on Automated software engineering. ACM, 2010.
@INPROCEEDINGS{chen2010extraction,
  TITLE = "Extraction and visualization of traceability relationships between documents and source code",
  AUTHOR= "Chen, Xiaofan",
  bookTITLE = "Proceedings of the IEEE/ACM international conference on Automated software engineering",
  PAGES = {505--510},
  YEAR = {2010},
  organization={ACM}
}

% Zhou, Xin, et al. "Facilitating software traceability understanding with ENVISION." Computer Software and Applications, 2008. COMPSAC'08. 32nd Annual IEEE International. IEEE, 2008.
@INPROCEEDINGS{zhou2008facilitating,
  TITLE = "Facilitating software traceability understanding with ENVISION",
  AUTHOR= "Zhou, Xin and Huo, Zhenzhong and Huang, Yaowen and Xu, Jian",
  bookTITLE = "Computer Software and Applications, 2008. COMPSAC'08. 32nd Annual IEEE International",
  PAGES = {295--302},
  YEAR = {2008},
  organization={IEEE}
}

% Luo, Lu, and Carnegie Mellon University^ dInstitute for Software Research International. "Software Testing Techniques, Technology Maturation and Research Strategies." Institute for Software Research International-Carnegie Mellon University, Pittsburgh, Technical Report (2010).
@ARTICLE{luo2010software,
  TITLE = "Software Testing Techniques, Technology Maturation and Research Strategies",
  AUTHOR= "Luo, Lu and Carnegie Mellon University\^{} dInstitute for Software Research International",
  JOURNAL = "Institute for Software Research International-Carnegie Mellon University, Pittsburgh, Technical Report",
  YEAR = {2010}
}




% Lucia, Andrea De, et al. "Recovering traceability links in software artifact management systems using information retrieval methods." ACM Transactions on Software Engineering and Methodology (TOSEM) 16.4 (2007): 13.
@ARTICLE{lucia2007recovering,
  TITLE = "Recovering traceability links in software artifact management systems using information retrieval methods",
  AUTHOR= "Lucia, Andrea De and Fasano, Fausto and Oliveto, Rocco and Tortora, Genoveffa",
  JOURNAL = "ACM Transactions on Software Engineering and Methodology (TOSEM)",
  volume={16},
  number={4},
  PAGES = {13},
  YEAR = {2007},
  publisher={ACM}
}


% ISTQB® Glossary of Testing Terms Version:2.2 Retrieved 17 March 2015 http://www.istqb.org/downloads/viewdownload/26/101.html
@book{ISTQB2015,
  TITLE = "ISTQB® Glossary of Testing Terms Version:2.2",
  AUTHOR= "International Software Testing Qualifications Board",
  YEAR = {2015},
  publisher={ISTQB}
}

% Intergrated tool

% Traceability: Taming uncontrolled change in software development
% Kowalczykiewicz, Krzysztof, and Dawid Weiss. "Traceability: Taming uncontrolled change in software development." Foundations of Computing and Decision Sciences 27.4 (2002): 239-248.

@ARTICLE{kowalczykiewicz2002traceability,
  TITLE = "Traceability: Taming uncontrolled change in software development",
  AUTHOR= "Kowalczykiewicz, Krzysztof and Weiss, Dawid",
  JOURNAL = "Foundations of Computing and Decision Sciences",
  volume={27},
  number={4},
  PAGES = {239--248},
  YEAR = {2002},
  publisher={Citeseer}
}


% Oliveto, Rocco. "Traceability Management meets Information Retrieval Methods -- Strengths and Limitations"." CSMR. 2008.
@INPROCEEDINGS{oliveto2008traceability,
  TITLE = "Traceability Management meets Information Retrieval Methods -- Strengths and Limitations",
  AUTHOR= "Oliveto, Rocco",
  bookTITLE = "CSMR",
  PAGES = {302--305},
  YEAR = {2008}
}


% Neumuller, Christian, and Paul Grunbacher. "Automating software traceability in very small companies: A case study and lessons learne." Automated Software Engineering, 2006. ASE'06. 21st IEEE/ACM International Conference on. IEEE, 2006.
@INPROCEEDINGS{neumuller2006automating,
  TITLE = "Automating software traceability in very small companies: A case study and lessons learne",
  AUTHOR= "Neumuller, Christian and Grunbacher, Paul",
  bookTITLE = "Automated Software Engineering, 2006. ASE'06. 21st IEEE/ACM International Conference on",
  PAGES = {145--156},
  YEAR = {2006},
  organization={IEEE}
}


% Pierce, R. A requirements tracing tool, Proceedings of the Software Quality Assurance Workshop on Functional and Performance Issues, 1978. 
@ARTICLE{pierce1978requirements,
  TITLE = "A requirements tracing tool",
  AUTHOR= "Pierce, Robert A",
  JOURNAL = "ACM SIGMETRICS Performance Evaluation Review",
  volume={7},
  number={3-4},
  PAGES = {53--60},
  YEAR = {1978},
  publisher={ACM}
}


% Asuncion, Hazeline U., Frédéric François, and Richard N. Taylor. "An end-to-end industrial software traceability tool." Proceedings of the the 6th joint meeting of the European software engineering conference and the ACM SIGSOFT symposium on The foundations of software engineering. ACM, 2007.
@INPROCEEDINGS{asuncion2007end,
  TITLE = "An end-to-end industrial software traceability tool",
  AUTHOR= "Asuncion, Hazeline U and Fran{\c{c}}ois, Fr{\'e}d{\'e}ric and Taylor, Richard N",
  bookTITLE = "Proceedings of the the 6th joint meeting of the European software engineering conference and the ACM SIGSOFT symposium on The foundations of software engineering",
  PAGES = {115--124},
  YEAR = {2007},
  organization={ACM}
}

% Maletic, Jonathan I., Michael L. Collard, and Bonita Simoes. "An XML based approach to support the evolution of model-to-model traceability links." Proceedings of the 3rd international workshop on Traceability in emerging forms of software engineering. ACM, 2005.
@INPROCEEDINGS{maletic2005xml,
  TITLE = "An XML based approach to support the evolution of model-to-model traceability links",
  AUTHOR= "Maletic, Jonathan I and Collard, Michael L and Simoes, Bonita",
  bookTITLE = "Proceedings of the 3rd international workshop on Traceability in emerging forms of software engineering",
  PAGES = {67--72},
  YEAR = {2005},
  organization={ACM}
}

% Ali, Nasir, Y. Gueneuc, and Giuliano Antoniol. "Trustrace: Mining software repositories to improve the accuracy of requirement traceability links." Software Engineering, IEEE Transactions on 39.5 (2013): 725-741.
@ARTICLE{ali2013trustrace,
  TITLE = "Trustrace: Mining software repositories to improve the accuracy of requirement traceability links",
  AUTHOR= "Ali, Nasir and Gueneuc, Y and Antoniol, Giuliano",
  JOURNAL = "Software Engineering, IEEE Transactions on",
  volume={39},
  number={5},
  PAGES = {725--741},
  YEAR = {2013},
  publisher={IEEE}
}

% Kagdi, Huzefa, Jonathan I. Maletic, and Bonita Sharif. "Mining software repositories for traceability links." Program Comprehension, 2007. ICPC'07. 15th IEEE International Conference on. IEEE, 2007.
@INPROCEEDINGS{kagdi2007mining,
  TITLE = "Mining software repositories for traceability links",
  AUTHOR= "Kagdi, Huzefa and Maletic, Jonathan I and Sharif, Bonita",
  bookTITLE = "Program Comprehension, 2007. ICPC'07. 15th IEEE International Conference on",
  PAGES = {145--154},
  YEAR = {2007},
  organization={IEEE}
}


% software configuration mgt
% Mohan, Kannan, et al. "Improving change management in software development: Integrating traceability and software configuration management." Decision Support Systems 45.4 (2008): 922-936.
@ARTICLE{mohan2008improving,
  TITLE = "Improving change management in software development: Integrating traceability and software configuration management",
  AUTHOR= "Mohan, Kannan and Xu, Peng and Cao, Lan and Ramesh, Balasubramaniam",
  JOURNAL = "Decision Support Systems",
  volume={45},
  number={4},
  PAGES = {922--936},
  YEAR = {2008},
  publisher={Elsevier}
}


% Lormans, Marco, and Arie Van Deursen. "Can LSI help reconstructing requirements traceability in design and test?." Software Maintenance and Reengineering, 2006. CSMR 2006. Proceedings of the 10th European Conference on. IEEE, 2006.
@INPROCEEDINGS{lormans2006can,
  TITLE = "Can LSI help reconstructing requirements traceability in design and test?",
  AUTHOR= "Lormans, Marco and Van Deursen, Arie",
  bookTITLE = "Software Maintenance and Reengineering, 2006. CSMR 2006. Proceedings of the 10th European Conference on",
  PAGES = {10--pp},
  YEAR = {2006},
  organization={IEEE}
}

% Lingampally, Raghu, Atul Gupta, and Pankaj Jalote. "A multipurpose code coverage tool for Java." System Sciences, 2007. HICSS 2007. 40th Annual Hawaii International Conference on. IEEE, 2007.
@INPROCEEDINGS{lingampally2007multipurpose,
  TITLE = "A multipurpose code coverage tool for Java",
  AUTHOR= "Lingampally, Raghu and Gupta, Atul and Jalote, Pankaj",
  bookTITLE = "System Sciences, 2007. HICSS 2007. 40th Annual Hawaii International Conference on",
  PAGES = {261b--261b},
  YEAR = {2007},
  organization={IEEE}
}


% Ying, Annie TT, et al. "Predicting source code changes by mining change history." Software Engineering, IEEE Transactions on 30.9 (2004): 574-586.
@ARTICLE{ying2004predicting,
  TITLE = "Predicting source code changes by mining change history",
  AUTHOR= "Ying, Annie TT and Murphy, Gail C and Ng, Raymond and Chu-Carroll, Mark C",
  JOURNAL = "Software Engineering, IEEE Transactions on",
  volume={30},
  number={9},
  PAGES = {574--586},
  YEAR = {2004},
  publisher={IEEE}
}


% Zimmermann, Thomas, et al. "Mining version histories to guide software changes." Software Engineering, IEEE Transactions on 31.6 (2005): 429-445.
@ARTICLE{zimmermann2005mining,
  TITLE = "Mining version histories to guide software changes",
  AUTHOR= "Zimmermann, Thomas and Zeller, Andreas and Weissgerber, Peter and Diehl, Stephan",
  JOURNAL = "Software Engineering, IEEE Transactions on",
  volume={31},
  number={6},
  PAGES = {429--445},
  YEAR = {2005},
  publisher={IEEE}
}




@MISC{References,
  author = {Siti Faizah Omar},
  title = {{Systematic Review, Questionnaire, and Results}},
    NOTE =        "Available at \url{https://goo.gl/rxewCJ/}",
  year = {2016}, 
  OPTnote = "[Online; accessed 16-January-2016]"
}

@incollection{gotel2012grand,
  title="The grand challenge of traceability (v1. 0)",
  author="Gotel, Orlena and Cleland-Huang, Jane and Hayes, Jane Huffman and Zisman, Andrea and Egyed, Alexander and Gr{\"u}nbacher, Paul and Dekhtyar, Alex and Antoniol, Giuliano and Maletic, Jonathan",
  booktitle={Software and Systems Traceability},
  pages={343--409},
  year={2012},
  publisher={Springer}
}
